@article{CSIRO,
author = {David Milne, Paul Thomas, Cecile Paris},
title = {Finding, Weighting and Describing Venues: CSIRO at the 2012 TREC Contextual Suggestion Track},
journal = {TREC Conference},
year = {2012}
}


@article{GeorgetownUniversity,
author = {Andrew Yates, Dave DeBoer, Hui Yang, Nazli Goharian, Steve Kunath, Ophir Frieder},
title = {(Not Too) Personalized Learning to Rank for Contextual Suggestion},
journal = {TREC Conference},
year = {2012}
}

@article{ICTNET,
author = {Bingyang Liu, Tong Wu},
title = {ICTNET at Context Suggestion Track TREC 2012},
journal = {TREC Conference},
year = {2012}
}

@article{IRIT,
author = {Gilles Hubert, Guillaume Cabanac},
title = {IRIT at TREC 2012 Contextual Suggestion Track},
journal = {TREC Conference},
year = {2012}
}
