
@book{Grefenstette:2011,
	Author = {Grefenstette, Gregory and Wilber, Laura},
	Publisher = {Morgan \& Claypool Publishers},
	Title = {{Search Based Applications}},
	Year = {2011}}

@article{er,
author = {Balog and Krisztian and Yi Fang and Maarten de Rijke and Pavel Serdyukov and Luo Si.},
title = {Expertise Retrieval},
journal={Foundations and Trends in Information Retrieval},
volume={6},
year = {2012},
number = {2--3},
}

@article{er-community-aware,
author = {Deng and Hongbo and Irwin King and Michael R. Lyu.},
title = {Enhanced models for expertise retrieval using community-aware strategies},
journal = "Systems Man and Cybernetics Part B: Cybernetics IEEE Transactions",
year = {2012},
}

@inproceedings{trec2005,
author = {Y. Cao and J. Liu and S. Bao and H. Li},
title = {Research on expert search at enterprise track of TREC 2005},
booktitle = {Proc. of TREC},
year = {2005}
}

@inproceedings{er-sparse,
author = {K. Balog and T. Bogers and L. Azzopardi and M. de Rijke and A. van den Bosch},
title = {Broad expertise retrieval in sparse data environments},
booktitle = {Proc. of SIGIR},
year = {2007}
}

@article{l2r-intro,
author = {L. I. Hang},
title = {A short introduction to learning to Rank},
journal = {{Transactions on Information and Systems}},
year = {2011}
}

@article{agg-learning,
author = {Macdonald and Craig and Iadh Ounis},
title = {Learning models for ranking aggregates},
journal = {Advances in Information Retrieval. Springer Berlin Heidelberg},
year = {2011}
}

@inproceedings{agg-gp2,
author = {Ronan Cummins  and Mounia Lalmas and Colm O'Riordan},
title = {Learning Aggregation Functions for Expert Search},
booktitle = {Proc. of ECAI},
year = {2010}
}

@inproceedings{agg-vote,
author = {Craig Macdonald and Iadh Ounis},
title = {Voting for candidates: adapting data fusion techniques for an expert search task},
booktitle = {Proc. of CIKM},
year = {2006}
}

@Book{l2r-book,
author = {Tie-Yan Lie},
title = {Learning to rank for information retrieval. Foundations and Trends in Information Retrieval},
publisher = {Springer},
year = {2011},
OPTvolume = {3},
OPTnumber = {3}
}

@INPROCEEDINGS{l2r-err,
author = {Olivier Chapelle and Ya Zhang},
title = {Expected Reciprocal Rank for Graded Relevance},
booktitle = {Proc. of CIKM},
year = {2009},
}

@inproceedings{l2r-clickmodel1,
  author = {Craswell, Nick and Zoeter, Onno and Taylor, Michael and Ramsey, Bill},
  booktitle = {Proc. of WSDM},
  title = {An experimental comparison of click position-bias models},
  year = 2008
}

@MISC{l2r-clickmodel2,
    author = {Stefan B{\"u}ttcher and Charles L. A. Clarke and Peter C. K. Yeung and et al.},
    title = { Reliable Information Retrieval Evaluation with Incomplete and Biased Judgements},
    year = {2007}
}

@MISC{l2r-rankboost,
    author = {Yoav Freund and Raj Iyer and Robert E. Schapire and Yoram Singer},
    title = {An Efficient Boosting Algorithm for Combining Preferences},
    year = {1998}
}

@inproceedings{l2r-ranknet,
  address = {New York, NY, USA},
  author = {Burges, Chris and Shaked, Tal and Renshaw, Erin and Lazier, Ari and Deeds, Matt and Hamilton, Nicole and Hullender, Greg},
  booktitle = {Proc. of ICML},
  title = {Learning to rank using gradient descent},
  year = 2005
}

@inproceedings{l2r-lambdamart,
  author = {Qiang Wu and Christopher J. C. Burges and Krysta M. Svore and Jianfeng Gao},
  publisher = {Springer Science},
  title = {Adapting Boosting for Information Retrieval Measures},
  year = 2009
}

@inproceedings{l2r-lambdarank,
  author = {Burges and Christopher J. C. and Ragno and Robert and Le and Quoc V.},
  publisher = {MIT Press},
  title = {Learning to Rank with Nonsmooth Cost Functions},
  year = 2006
}

@inproceedings{l2r-adarank,
 author = {Xu, Jun and Li, Hang},
 title = {AdaRank: A Boosting Algorithm for Information Retrieval},
 booktitle = {Procs of SIGIR},
 year = {2007},
 numpages = {8},
 keywords = {boosting, information retrieval, learning to rank},
}

@inproceedings{l2r-listnet,
 author = {Cao, Zhe and Qin, Tao and Liu, Tie-Yan and Tsai, Ming-Feng and Li, Hang},
 title = {Learning to Rank: From Pairwise Approach to Listwise Approach},
 booktitle = {Procs of ICML},
 year = {2007},
}

@article{l2r-when,
 author = {Macdonald, Craig and Santos, Rodrygo L. and Ounis, Iadh},
 title = {The Whens and Hows of Learning to Rank for Web Search},
 journal = {Inf. Retr.},
 volume = {16},
 number = {5},
 year = {2013},
 publisher = {Kluwer Academic Publishers},
} 

@article{as89,
  author = {Best, D. J. and Roberts, D. E.},
  journal = {Journal of the Royal Statistical Society. Series C (Applied Statistics)},
  number = 3,
  publisher = {Wiley for the Royal Statistical Society},
  title = {Algorithm AS 89: The Upper Tail Probabilities of Spearman's Rho},
  volume = 24,
  year = 1975
}

