@misc{hunalign,
	title={hunalign â€“ sentence aligner},
	note={\url{http://mokk.bme.hu/en/resources/hunalign} [online accessed 25.12.2013]}
}

@Article{gp2,
author = {Cummins Ronan Mounia Lalmas and Colm Riordan},
title = {Learning Aggregation Functions for Expert Search},
journal = {ECAI},
year = {2010}
}
